<?xml version="1.0" encoding="UTF-8"?><collection xmlns="http://www.loc.gov/MARC21/slim"><record><leader>00455nam--2200145-i-4500</leader><controlfield tag="001">000001835</controlfield><controlfield tag="002">20161230</controlfield><controlfield tag="005">20161230201024</controlfield><controlfield tag="008">060222s1000------------r-----000-0-eng-d</controlfield><datafield ind1=" " ind2=" " tag="080"><subfield code="a">548.12:538.9</subfield></datafield><datafield ind1=" " ind2=" " tag="100"><subfield code="a">Gold, Albert., Knox, Robert, S</subfield></datafield><datafield ind1=" " ind2=" " tag="245"><subfield code="a">Symetry in the solid state</subfield></datafield><datafield ind1=" " ind2=" " tag="260"><subfield code="a">New York, W.A.Benjamin, Inc, 1964. Xii + 344 P</subfield></datafield><datafield ind1=" " ind2=" " tag="490"><subfield code="a">Lecture Notes And Supplements In Physics. John David Jackson And David Pines, Editors</subfield></datafield><datafield ind1=" " ind2=" " tag="852"><subfield code="a">24026</subfield></datafield></record></collection>